<?xml version="1.0" encoding="UTF-8"?><collection xmlns="http://www.loc.gov/MARC21/slim"><record><leader>00416nam--2200133-i-4500</leader><controlfield tag="001">000041119</controlfield><controlfield tag="002">20161230</controlfield><controlfield tag="005">20170128003107</controlfield><controlfield tag="008">060222s1000------------r-----000-0-eng-d</controlfield><datafield ind1=" " ind2=" " tag="245"><subfield code="a">Semiconductor electronics education committes books. Vol. 2: Physical electronics and circuit models of transistors</subfield></datafield><datafield ind1=" " ind2=" " tag="260"><subfield code="a">New York,</subfield><subfield code="b">John Wiley &amp; Sons Inc</subfield></datafield><datafield ind1=" " ind2=" " tag="700"><subfield code="a">Dewitt, D</subfield></datafield><datafield ind1=" " ind2=" " tag="852"><subfield code="a">22084</subfield></datafield><datafield ind1=" " ind2=" " tag="CAT"><subfield code="a">SYS</subfield><subfield code="c">20170128</subfield><subfield code="h">003107</subfield></datafield></record></collection>